@article{AlgoLakeReport1,
  author = {Paul R. BÃ©langer},
  title = {Report of the Elliot Lake Commission of Inquiry, Part One: The Events Leading to the Collapse of the Algo Centre Mall},
  journal = {Government of Ontario},
  year = {2014}
}

@misc{ElliotLakePopulation,
  author = {Unknown},
  title = {Elliot Lake Population},
  url = {https://population.city/canada/elliot-lake/#1},
  accessed = {2025-06-08}
}

@article{NYT1996,
  author = {Clude H. Farnsworth},
  journal = {The New York Times},
  title = {Elliot Lake Journal; Snug Retiree Haven Where Uranium Mine Stood},
  date = {1996-06-03},
  url = {https://www.nytimes.com/1996/06/03/world/elliot-lake-journal-snug-retiree-haven-where-uranium-mine-stood.html}
}

@techreport{DoodyRemarksPEO,
  author = {Peter Doody},
  title = {Remarks from Peter Doody to the AGM of Professional Engineers Ontario},
  institution = {Engineers Canada},
  year = {2015-05-31},
  url = {https://engineerscanada.ca/news-and-events/news/remarks-from-peter-doody-to-the-agm-of-professional-engineers-ontario},
  note = {Accessed: 2025-06-13}
}